<record><leader>00000cas a22000007a 4500</leader><controlfield tag="001">10029302</controlfield><controlfield tag="008">831018d184u1905nyuwr ne      0    0eng d</controlfield><datafield ind1=" " ind2=" " tag="010"><subfield code="a">sn 83031895 </subfield></datafield><datafield ind1=" " ind2=" " tag="040"><subfield code="a">NPU</subfield><subfield code="b">eng</subfield><subfield code="c">NPU</subfield><subfield code="d">NPA</subfield><subfield code="d">NPX</subfield><subfield code="d">NYS</subfield><subfield code="d">OCL</subfield><subfield code="d">OCLCQ</subfield><subfield code="d">OCLCF</subfield><subfield code="d">OCLCO</subfield></datafield><datafield ind1="1" ind2=" " tag="029"><subfield code="a">AU@</subfield><subfield code="b">000020127909</subfield></datafield><datafield ind1=" " ind2=" " tag="042"><subfield code="a">msc</subfield></datafield><datafield ind1=" " ind2=" " tag="043"><subfield code="a">n-us-ny</subfield></datafield><datafield ind1="0" ind2="0" tag="245"><subfield code="a">Syracuse weekly journal.</subfield></datafield><datafield ind1=" " ind2=" " tag="260"><subfield code="a">Syracuse [N.Y.] :</subfield><subfield code="b">V.W. Smith &amp; Co.</subfield></datafield><datafield ind1=" " ind2=" " tag="300"><subfield code="a">v. ;</subfield><subfield code="c">66-72 cm.</subfield></datafield><datafield ind1=" " ind2=" " tag="310"><subfield code="a">Weekly</subfield></datafield><datafield ind1="1" ind2=" " tag="362"><subfield code="a">Ceased in 1905?</subfield><subfield code="z">Cf. Gregory, W. Amer. newspapers.</subfield></datafield><datafield ind1=" " ind2=" " tag="500"><subfield code="a">Publishers: Thomas S. Truair, &lt;1855&gt;; Truair, Smith &amp; Co., &lt;1873&gt;; Truair, Smith &amp; Bruce, &lt;1876&gt;.</subfield></datafield><datafield ind1=" " ind2=" " tag="500"><subfield code="a">"Republican," &lt;1876&gt;.</subfield></datafield><datafield ind1=" " ind2=" " tag="500"><subfield code="a">Published semiweekly ed. (title unknown), &lt;1868-1871&gt;.</subfield></datafield><datafield ind1=" " ind2=" " tag="580"><subfield code="a">Daily eds.: Syracuse daily journal, &lt;1850&gt;-1899; Syracuse journal (Syracuse, N.Y.), 1899-1905.</subfield></datafield><datafield ind1=" " ind2=" " tag="588"><subfield code="a">Description based on: Vol. 11, no. 31 (July 31, 1850).</subfield></datafield><datafield ind1=" " ind2="0" tag="651"><subfield code="a">Syracuse (N.Y.)</subfield><subfield code="v">Newspapers.</subfield></datafield><datafield ind1=" " ind2="7" tag="655"><subfield code="a">Newspapers.</subfield><subfield code="2">fast</subfield><subfield code="0">(OCoLC)fst01423814</subfield></datafield><datafield ind1=" " ind2="7" tag="651"><subfield code="a">New York (State)</subfield><subfield code="z">Syracuse.</subfield><subfield code="2">fast</subfield><subfield code="0">(OCoLC)fst01205293</subfield></datafield><datafield ind1=" " ind2=" " tag="752"><subfield code="a">United States</subfield><subfield code="b">New York</subfield><subfield code="c">Onondaga</subfield><subfield code="d">Syracuse.</subfield></datafield><datafield ind1="1" ind2=" " tag="775"><subfield code="t">Syracuse daily journal</subfield><subfield code="w">(DLC)sn 83031912</subfield><subfield code="w">(OCoLC)10033458</subfield></datafield><datafield ind1="1" ind2=" " tag="775"><subfield code="t">Syracuse journal (Syracuse, N.Y.)</subfield><subfield code="w">(DLC)sn 84035917</subfield><subfield code="w">(OCoLC)11489874</subfield></datafield><datafield ind1="0" ind2=" " tag="775"><subfield code="t">Syracuse journal (Syracuse, N.Y. : 1894)</subfield><subfield code="w">(DLC)sn 92061587</subfield><subfield code="w">(OCoLC)25775012</subfield></datafield><datafield ind1="0" ind2="0" tag="780"><subfield code="t">Western state journal</subfield><subfield code="w">(DLC)sn 85042886</subfield><subfield code="w">(OCoLC)12951890</subfield></datafield><datafield ind1="0" ind2="5" tag="780"><subfield code="t">Weekly chronicle (Syracuse, N.Y.)</subfield><subfield code="g">1856</subfield><subfield code="w">(DLC)sn 86053094</subfield><subfield code="w">(OCoLC)13148772</subfield></datafield></record>